<record><leader>00000cas a22000007a 4500</leader><controlfield tag="001">18132950</controlfield><controlfield tag="008">880624d18uu1951lauwr ne      0    0eng d</controlfield><datafield ind1=" " ind2=" " tag="010"><subfield code="a">sn 88064508 </subfield></datafield><datafield ind1=" " ind2=" " tag="040"><subfield code="a">LNP</subfield><subfield code="b">eng</subfield><subfield code="c">LNP</subfield><subfield code="d">OCLCQ</subfield></datafield><datafield ind1=" " ind2=" " tag="042"><subfield code="a">msc</subfield></datafield><datafield ind1="0" ind2="4" tag="245"><subfield code="a">The Gueydan news.</subfield></datafield><datafield ind1=" " ind2=" " tag="260"><subfield code="a">Gueydan, Vermilion Parish, La. :</subfield><subfield code="b">Orlando A. Ramsey</subfield></datafield><datafield ind1=" " ind2=" " tag="300"><subfield code="a">v.</subfield></datafield><datafield ind1=" " ind2=" " tag="310"><subfield code="a">Weekly</subfield></datafield><datafield ind1="1" ind2=" " tag="362"><subfield code="a">Ceased in Sept. 1951.</subfield></datafield><datafield ind1=" " ind2=" " tag="588"><subfield code="a">Description based on: Vol. 4 [i.e. 40], no. 1 (Jan. 1, 1937).</subfield></datafield><datafield ind1=" " ind2=" " tag="752"><subfield code="a">United States</subfield><subfield code="b">Louisiana</subfield><subfield code="c">Vermilion</subfield><subfield code="d">Gueydan.</subfield></datafield><datafield ind1="0" ind2="4" tag="785"><subfield code="t">Abbeville meridional</subfield><subfield code="g">1951</subfield><subfield code="w">(DLC)sn 88064004</subfield></datafield></record>